<?xml version="1.0" encoding="utf-8"?>
<record xmlns="http://www.loc.gov/MARC21/slim" xmlns:xsi="http://www.w3.org/2001/XMLSchema-instance" xsi:schemaLocation="http://www.loc.gov/MARC21/slim http://www.loc.gov/standards/marcxml/schema/MARC21slim.xsd">
	<leader>     nam a22     Mi 4500</leader>
	<controlfield tag="001">1633254</controlfield>
	<controlfield tag="003">NjP</controlfield>
	<controlfield tag="006">m        d        </controlfield>
	<controlfield tag="007">cr cn |||m|||a</controlfield>
	<controlfield tag="008">201130s1949    ir c    o     000 0 ara d</controlfield>
	<datafield ind1="7" ind2=" " tag="024">
		<subfield code="a">princeton_aco003939</subfield>
		<subfield code="2">local</subfield>
	</datafield>
	<datafield ind1=" " ind2=" " tag="040">
		<subfield code="a">ZYU</subfield>
		<subfield code="b">ara</subfield>
		<subfield code="c">ZYU</subfield>
	</datafield>
	<datafield ind1="1" ind2=" " tag="100">
		<subfield code="6">880-01</subfield>
		<subfield code="a">Rashtī, ʻAbd al-Ḥusayn ibn ʻĪsā,</subfield>
		<subfield code="d">1875-</subfield>
	</datafield>
	<datafield ind1="0" ind2="0" tag="245">
		<subfield code="6">880-02</subfield>
		<subfield code="a">Kashf al-ishtibāh [fī radd Mūsā Jār Allāh]</subfield>
		<subfield code="h">[electronic resource].</subfield>
	</datafield>
	<datafield ind1=" " ind2=" " tag="260">
		<subfield code="a">Tehran,</subfield>
		<subfield code="c">1949.</subfield>
	</datafield>
	<datafield ind1=" " ind2=" " tag="300">
		<subfield code="a">online resource (215 p.) :</subfield>
		<subfield code="b">port.</subfield>
	</datafield>
	<datafield ind1=" " ind2=" " tag="500">
		<subfield code="a">Part of the Arabic Collections Online (ACO) project, contributed by Princeton University Libraries.</subfield>
	</datafield>
	<datafield ind1=" " ind2=" " tag="533">
		<subfield code="a">Electronic reproduction.</subfield>
		<subfield code="b">New York, N.Y. :</subfield>
		<subfield code="c">New York University,</subfield>
		<subfield code="d">2020.</subfield>
		<subfield code="5">NNU</subfield>
	</datafield>
	<datafield ind1=" " ind2=" " tag="546">
		<subfield code="a">In Arabic.</subfield>
	</datafield>
	<datafield ind1=" " ind2=" " tag="500">
		<subfield code="a">2d ed.</subfield>
	</datafield>
	<datafield ind1="1" ind2="0" tag="600">
		<subfield code="6">880-03</subfield>
		<subfield code="a">Turkistānī, Mūsá Jār Allāh ibn Fāṭimah.</subfield>
		<subfield code="t">Washīʻah fī naqd ʻaqāʼid al-Shīʻah.</subfield>
	</datafield>
	<datafield ind1=" " ind2="0" tag="650">
		<subfield code="a">Shiites.</subfield>
		<subfield code="0">http://id.loc.gov/authorities/subjects/sh85121432</subfield>
	</datafield>
	<datafield ind1="2" ind2=" " tag="710">
		<subfield code="a">Princeton University.</subfield>
		<subfield code="b">Library.</subfield>
	</datafield>
	<datafield ind1="0" ind2=" " tag="730">
		<subfield code="a">Arabic Collections Online.</subfield>
	</datafield>
	<datafield ind1="0" ind2="8" tag="776">
		<subfield code="i">Print version:</subfield>
		<subfield code="a">Rashtī, ʻAbd al-Ḥusayn ibn ʻĪsā, 1875-</subfield>
		<subfield code="t">Kashf al-ishtibāh [fī radd Mūsā Jār Allāh]</subfield>
		<subfield code="w">(NjP)1633254</subfield>
	</datafield>
	<datafield ind1="4" ind2="0" tag="856">
		<subfield code="u">http://hdl.handle.net/2333.1/5qfttqzh</subfield>
	</datafield>
	<datafield ind1="1" ind2=" " tag="880">
		<subfield code="6">100-01</subfield>
		<subfield code="a">رشتي، عبد الحسين بن عيسا،</subfield>
		<subfield code="d">1875-</subfield>
	</datafield>
	<datafield ind1="0" ind2="0" tag="880">
		<subfield code="6">245-02</subfield>
		<subfield code="a">كشف الاشتباه [في رد موسا جار الله]</subfield>
	</datafield>
	<datafield ind1="1" ind2="0" tag="880">
		<subfield code="6">600-03</subfield>
		<subfield code="a">تركستاني، موسى جار الله بن فاطمة.</subfield>
		<subfield code="t">وشيعة في نقد عقائد الشيعة.</subfield>
	</datafield>
	<datafield ind1=" " ind2=" " tag="947">
		<subfield code="a">CFE4028</subfield>
	</datafield>
	<datafield ind1=" " ind2=" " tag="911">
		<subfield code="a">20000220</subfield>
	</datafield>
	<datafield ind1=" " ind2=" " tag="959">
		<subfield code="a">NNU</subfield>
		<subfield code="b">WEB</subfield>
		<subfield code="c">GENI</subfield>
		<subfield code="t">0</subfield>
		<subfield code="m">Electronic access</subfield>
		<subfield code="s">01</subfield>
	</datafield>
	<datafield ind1=" " ind2=" " tag="999">
		<subfield code="a">1633254</subfield>
		<subfield code="s">princeton_aco003939:</subfield>
	</datafield>
	<datafield ind1=" " ind2=" " tag="979">
		<subfield code="a">(OCoLC)ocn177517702</subfield>
	</datafield>
	<datafield ind1=" " ind2=" " tag="959">
		<subfield code="a">2000-06-13 00:00:00 -0400</subfield>
	</datafield>
</record>
